% Look here if you need help:
% https://www.sharelatex.com/learn/Bibliography_management_with_biblatex
% https://en.wikibooks.org/wiki/LaTeX/Bibliography_Management#biblatex

@online{waterfall_image,
author = "Peter Kemp and Paul Smith",
url = "https://commons.wikimedia.org/wiki/File:Waterfall_model.svg#/media/File:Waterfall_model.svg",
title = "Waterfall model",
urlseen = "28-05-15"
}

@software{puma,
author = "Evan Phoenix and contributors",
title = "Puma: A ruby web server built for concurrency",
url = "https://github.com/puma/puma"
}

@online{heroku,
title = "Ruby Default Web Server",
url = "https://devcenter.heroku.com/articles/ruby-default-web-server"
}

@software{devise,
author = "Plataformatec",
title = "Devise. Flexible authentication solution for Rails with Warden.",
url = "https://github.com/plataformatec/devise"
}

@software{pundit,
author = "Elabs AB",
title = "Pundit. Minimal authorization through OO design and pure Ruby classes ",
url = "https://github.com/elabs/pundit"
}

@software{leaflet,
author = "Vladimir Agafonkin and contributors",
title = "Leaflet. An Open-Source JavaScript Library for Mobile-Friendly Interactive Maps",
url = "http://leafletjs.com/"
}

@software{ckeditor,
author = "CKSource",
title = "CKEditor. The best web text editor for everyone",
url = "http://ckeditor.com/"
}

@software{kaminari,
author = "Akira Matsuda and contributors",
title = "Kaminari. A Scope and Engine based, clean, powerful, customizable and sophisticated paginator for Rails 3 and 4",
url = "https://github.com/amatsuda/kaminari"
}
